<record><leader>00000cas a2200000 a 4500</leader><controlfield tag="001">11897900</controlfield><controlfield tag="008">850409d19311943ksuwr ne      0   a0eng d</controlfield><datafield ind1=" " ind2=" " tag="010"><subfield code="a">sn 85031075 </subfield></datafield><datafield ind1=" " ind2=" " tag="040"><subfield code="a">KSH</subfield><subfield code="b">eng</subfield><subfield code="c">KSH</subfield><subfield code="d">NPT</subfield><subfield code="d">OCL</subfield><subfield code="d">OCLCQ</subfield></datafield><datafield ind1=" " ind2=" " tag="042"><subfield code="a">msc</subfield></datafield><datafield ind1="0" ind2="4" tag="245"><subfield code="a">The Galva gazette.</subfield></datafield><datafield ind1=" " ind2=" " tag="260"><subfield code="a">Galva, Kan. :</subfield><subfield code="b">[s.n.],</subfield><subfield code="c">1931-</subfield></datafield><datafield ind1=" " ind2=" " tag="300"><subfield code="a">v. :</subfield><subfield code="b">ill. ;</subfield><subfield code="c">55 cm.</subfield></datafield><datafield ind1=" " ind2=" " tag="310"><subfield code="a">Weekly</subfield></datafield><datafield ind1="0" ind2=" " tag="362"><subfield code="a">Vol. 1, no. 1 (Nov. 19, 1931)-</subfield></datafield><datafield ind1="1" ind2=" " tag="362"><subfield code="a">Ceased in 1943?</subfield></datafield><datafield ind1=" " ind2=" " tag="500"><subfield code="a">Published by: U.S. &amp; R.L. Peterson, Feb. 9, 1933-July 16, 1936; Lola &amp; Earl Finkle, July 23, 1936-</subfield></datafield><datafield ind1=" " ind2=" " tag="515"><subfield code="a">Numbering is irregular.</subfield></datafield><datafield ind1=" " ind2=" " tag="525"><subfield code="a">Supplements included.</subfield></datafield><datafield ind1=" " ind2=" " tag="752"><subfield code="a">United States</subfield><subfield code="b">Kansas</subfield><subfield code="c">McPherson</subfield><subfield code="d">Galva.</subfield></datafield></record>